@article{herman00,
    author    = "Ivan Herman and Guy Melancon and M. Scott, Marshall",
    title     = "Graph visualization and navigation in information visualization: A survey",
	journal   = "Visualization and Computer Graphics, IEEE Transactions on",
	volume 	  = "6",
	number	  = "1",
    pages 	  = "24--43",
	year      = "2000"
}

@Article{23102059,
AUTHOR = {Longabaugh, William},
TITLE = {Combing the hairball with BioFabric: a new approach for visualization of large networks},
JOURNAL = {BMC Bioinformatics},
VOLUME = {13},
YEAR = {2012},
NUMBER = {○1},
PAGES = {275},
URL = {http://www.biomedcentral.com/1471-2105/13/275},
}

@INPROCEEDINGS{636718, 
author={Munzner, T.}, 
booktitle={Information Visualization, 1997. Proceedings., IEEE Symposium on}, 
title={H3: laying out large directed graphs in 3D hyperbolic space}, 
year={1997}, 
month={Oct}, 
pages={2-10}, 
}

@article{Schaffer:1996:NHC:230562.230577,
 author = {Schaffer, Doug and Zuo, Zhengping and Greenberg, Saul and Bartram, Lyn and Dill, John and Dubs, Shelli and Roseman, Mark},
 title = {Navigating Hierarchically Clustered Networks Through Fisheye and Full-zoom Methods},
 journal = {ACM Trans. Comput.-Hum. Interact.},
 issue_date = {June 1996},
 volume = {3},
 number = {2},
 month = jun,
 year = {1996},
 issn = {1073-0516},
 pages = {162--188},
 numpages = {27},
 url = {http://doi.acm.org/10.1145/230562.230577},
 doi = {10.1145/230562.230577},
 acmid = {230577},
 publisher = {ACM},
 address = {New York, NY, USA},
} 

@article{Krzywinski01092012,
author = {Krzywinski, Martin and Birol, Inanc and Jones, Steven JM and Marra, Marco A}, 
title = {Hive plots—rational approach to visualizing networks},
volume = {13}, 
number = {5}, 
pages = {627-644}, 
year = {2012}, 
doi = {10.1093/bib/bbr069}, 
URL = {http://bib.oxfordjournals.org/content/13/5/627.abstract}, 
eprint = {http://bib.oxfordjournals.org/content/13/5/627.full.pdf+html}, 
journal = {Briefings in Bioinformatics} 
}

@INPROCEEDINGS{1338,
author={Stephen G. Kobourov}, 
booktitle={Handbook of Graph Drawing and Visualization}, 
title={Force-Directed Drawing Algorithms}, 
year={2013}, 
month={October}, 
pages={383-408}, 
doi={10.1109/ICDMW.2013.124}
}

@article{Shelley20121016,
title = "GerbilSphere: Inner sphere network visualization ",
journal = "Computer Networks ",
volume = "56",
number = "3",
pages = "1016 - 1028",
year = "2012",
note = "(1) Complex Dynamic Networks (2) \{P2P\} Network Measurement ",
issn = "1389-1286",
doi = "http://dx.doi.org/10.1016/j.comnet.2011.10.023",
url = "http://www.sciencedirect.com/science/article/pii/S1389128611003987",
author = "David S. Shelley and Mehmet Hadi Gunes",
}

@article{Geom1945,
title = "Introduction to non-euclidean geometry ",
year = "1945",
author = "Harold E. Wolfe",
}

@TECHREPORT{Marks91thecomputational,
    author = {Joe Marks and Stuart Shieber},
    title = {The Computational Complexity of Cartographic Label Placement},
    institution = {},
    year = {1991}
}

@INPROCEEDINGS{195097, 
author={Endsley, M.R.}, 
booktitle={Aerospace and Electronics Conference, 1988. NAECON 1988., Proceedings of the IEEE 1988 National}, 
title={Situation awareness global assessment technique (SAGAT)}, 
year={1988}, 
month={May}, 
pages={789-795 vol.3}, 
keywords={aircraft instrumentation;human factors;military systems;SAGAT methology;aircraft design;cockpits;pilot-vehicle interface designs;situation-awareness global assessment technique;Aircraft;Current measurement;Decision making;Displays;Human factors;Jacobian matrices;Process design;System performance;Vehicle driving}, 
doi={10.1109/NAECON.1988.195097},}

@article{tutteFD,
    author    = "William T. Tutte",
    title     = "How to draw a graph",
	journal   = "Proc, London Math. Society",
	volume 	  = "13",
	number	  = "52",
    pages 	  = "743--768",
	year      = "1963"
}

@article{ead,
    author    = "Peter Eades",
    title     = "A heuristic for graph drawing",
	journal   = "Congressus Numerantium",
	volume 	  = "42",
    pages 	  = "149--160",
	year      = "1984"
}

@article{fr,
    author    = "T. Fruchterman and E. Reingold",
    title     = "Graph drawing by force-directed placement",
	journal   = " Softw. - Pract. Exp.",
	volume 	  = "21",
	number	  ="11",
    pages 	  = "1129--1164",
	year      = "1991"
}

@article{handh,
    author    = "R. Hadany and D. Harel",
    title     = "A muli-scale algorithm for drawing graphs nicely",
	journal   = "Discrete Applied Mathematics",
	volume 	  = "113",
	number	  ="1",
    pages 	  = "3--21",
	year      = "2001"
}

@article{Ware,
    author    = "C. Ware",
    title     = "Designing with a 2 1\\2 \-D attitude",
	journal   = "Information Design Journal",
	volume 	  = "10",
	year      = "2001"
    pages 	  = "255--262",
}

@article{kobourov,
    author    = "S.G. Kobourov and  K. Wampler",
    title     = "Non-Euclidean spring embedders",
	journal   = "IEE Transactions on Visualization and Computer Graphics",
	volume 	  = "11",
	year      = "2005"
    pages 	  = "757--767",
}

@article{Wolfe,
    author    = "Harold E. Wolfe",
    title     = "Introduction to Non-Euclidean Geometry",
	journal   = "Dryden Press",
	Location ="New York"
	year      = "1945"
}

@misc{website:Wikipedia,
       author = "Wikipedia \- the free encyclopedia",
       title = "Cosine similarity",
       howpublished = "\url{http://en.wikipedia.org/wiki/Cosine\_similarity}",
                   note = "[Online; Accessed 28-November-2014]"
}

@misc{website:Wikipedia2,
       author = "Wikipedia \- the free encyclopedia",
       title = "Jaccard index",
       howpublished = "\url{http://en.wikipedia.org/wiki/Jaccard\_index}",
                   note = "[Online; Accessed 28-November-2014]"
}

@misc{website:MSDN,
       author = "MSDN",
       title = "Visual C\#",
       howpublished = "\url{https://msdn.microsoft.com/en-us/vstudio/hh341490.aspx}",
                   note = "[Online; Accessed 15-December-2015]"
}

@misc{website:VisualStudio,
       author = "MSDN",
       title = "Visua Studio",
       howpublished = "\url{https://msdn.microsoft.com/sv-se/library/dn762121.aspx}",
                   note = "[Online; Accessed 16-December-2015]"
}

@misc{website:WPF,
       author = "MSDN",
       title = "WPF",
       howpublished = "\url{https://msdn.microsoft.com/en-us/library/aa970268(v=vs.110).aspx}",
                   note = "[Online; Accessed 16-December-2015]"
}

@misc{website:WPFExtensions,
       author = "codeplex.com",
       title = "WPFExtensions",
       howpublished = "\url{https://wpfextensions.codeplex.com/}",
                   note = "[Online; Accessed 15-March-2015]"
}

@misc{website:C++,
       author = "cplusplus.com",
       title = "cplusplus",
       howpublished = "\url{http://www.cplusplus.com/}",
                   note = "[Online; Accessed 16-December-2015]"
}

@misc{website:Java,
       author = "Wikipedia \- the free encyclopedia",
       title = "Java(software platform)",
       howpublished = "\url{https://en.wikipedia.org/wiki/Java_(software_platform)#History}",
                   note = "[Online; Accessed 16-December-2014]"
}

@misc{website:LINQ,
       author = "MSDN",
       title = "LINQ (Language-Integrated Query)",
       howpublished = "\url{https://msdn.microsoft.com/en-us/library/bb397926.aspx}",
                   note = "[Online; Accessed 16-December-2014]"
}

@misc{website:codeplex,
       author = "codeplex.com",
       title = "QuickGraph, Graph Data Structures And Algorithms For .NET",
       howpublished = "\url{https://quickgraph.codeplex.com/}",
                   note = "[Online; Accessed 19-December-2014]"
}

@misc{website:quickGGviz,
       author = "codeplex.com",
       title = "Visualization Using Graphviz",
       howpublished = "\url{https://quickgraph.codeplex.com/wikipage?title=Visualization%20Using%20Graphviz&referringTitle=Documentation/}",
                   note = "[Online; Accessed 19-December-2014]"
}

@misc{website:quickDoc,
       author = "codeplex.com",
       title = "QuickGraph Documentation",
       howpublished = "\url{https://quickgraph.codeplex.com/documentation}",
                   note = "[Online; Accessed 19-December-2014]"
}

@misc{website:graphviz,
       author = "graphviz.org",
       title = "Graphviz - Graph Visualization Software",
       howpublished = "\url{http://www.graphviz.org/}",
                   note = "[Online; Accessed 19-December-2014]"
}

@misc{website:wikipediaDOT,
       author = "Wikipedia \- the free encyclopedia",
       title = "DOT (graph description language)",
       howpublished = "\url{https://en.wikipedia.org/wiki/DOT_(graph_description_language)}",
                   note = "[Online; Accessed 19-December-2014]"
}

@misc{website:graphviz4net,
       author = "codeplex.com",
       title = "Graphviz4Net",
       howpublished = "\url{https://graphviz4net.codeplex.com/}",
                   note = "[Online; Accessed 19-December-2014]"
}

@misc{website:graphviznet,
       author = "code.google.com",
       title = "graphviznet",
       howpublished = "\url{https://code.google.com/p/graphviznet/}",
                   note = "[Online; Accessed 19-December-2014]"
}

@misc{website:graphx,
       author = "panthernet.ru",
       title = "GraphX fpr .NET",
       howpublished = "\url{http://www.panthernet.ru/en/projects-en/graphx-en}",
                   note = "[Online; Accessed 19-December-2014]"
}

@misc{website:graphxPG,
       author = "wpftoolkit.codeplex.com",
       title = "GraphX Programming Guide",
       howpublished = "\url{https://spark.apache.org/docs/1.2.1/graphx-programming-guide.html}",
                   note = "[Online; Accessed 19-December-2014]"
}

@misc{website:graphsharp,
       author = "graphsharp.codeplex.com",
       title = "Graph\#",
       howpublished = "\url{http://graphsharp.codeplex.com/}",
                   note = "[Online; Accessed 19-December-2014]"
}

@misc{website:NodeXL,
       author = "nodexl.codeplex.com",
       title = "NodeXL: Network Overview, Discovery and Exploration for Excel",
       howpublished = "\url{http://nodexl.codeplex.com/}",
                   note = "[Online; Accessed 19-December-2014]"
}

@misc{website:wpftoolkit,
       author = "wpftoolkit.codeplex.com",
       title = "Extended WPF Toolkite Community Edition",
       howpublished = "\url{https://wpftoolkit.codeplex.com/}",
                   note = "[Online; Accessed 19-December-2014]"
}

@misc{website:MSAGL,
       author = "research.microsoft.com",
       title = "Microsoft Automatic Graph Layout",
       howpublished = "\url{http://research.microsoft.com/en-us/projects/msagl/}",
                   note = "[Online; Accessed 20-December-2014]"
}

@misc{website:SugiyamaWiki,
       author = "Wikipedia \- the free encyclopedia",
       title = "Layered graph drawing",
       howpublished = "\url{https://en.wikipedia.org/wiki/Layered_graph_drawing}",
                   note = "[Online; Accessed 20-December-2014]"
}

@misc{website:yFiles,
       author = "yworks.com",
       title = "yWorks - the diagramming company",
       howpublished = "\url{http://www.yworks.com/products/dotnet-platform}",
                   note = "[Online; Accessed 20-December-2014]"
}

@misc{website:WindowsForms,
       author = "MSDN",
       title = "Windows Forms",
       howpublished = "\url{https://msdn.microsoft.com/en-us/library/dd30h2yb(v=vs.110).aspx}",
                   note = "[Online; Accessed 20-December-2014]"
}

@misc{website:Silverlight,
       author = "Microsoft Silverlight",
       title = "Windows Forms",
       howpublished = "\url{https://www.microsoft.com/silverlight/}",
                   note = "[Online; Accessed 20-December-2014]"
}

@misc{website:DotNet,
       author = "Wikipedia \- the free encyclopedia",
       title = ".Net Framework",
       howpublished = "\url{https://en.wikipedia.org/wiki/.NET_Framework}",
                   note = "[Online; Accessed 20-December-2014]"
}

@misc{website:yFilesDotNet,
       author = "yworks.com",
       title = "yFiles.Net Developer's Guide",
       howpublished = "\url{http://docs.yworks.com/yfilesdotnet/Index.html?topic=developers-guide/index.html}",
                   note = "[Online; Accessed 20-December-2014]"
}

@misc{website:yFilesWPF,
       author = "yworks.com",
       title = "yFiles WPF Developer's Guide",
       howpublished = "\url{http://docs.yworks.com/yfileswpf/Index.html?topic=developers-guide/index.html}",
                   note = "[Online; Accessed 20-December-2014]"
}

@misc{website:yFilesSilverlight,
       author = "yworks.com",
       title = "yFiles for Silverlight Developer's Guide",
       howpublished = "\url{http://docs.yworks.com/yfilessilverlight/Index.html?topic=developers-guide/index.html}",
                   note = "[Online; Accessed 20-December-2014]"
}

@misc{website:OpenGL,
       author = "opengl.org",
       title = "OpenGL",
       howpublished = "\url{https://www.opengl.org/}",
                   note = "[Online; Accessed 20-December-2014]"
}

@misc{website:Direct3D,
       author = "MSDN",
       title = "Directed3D",
       howpublished = "\url{https://msdn.microsoft.com/en-us/library/windows/desktop/hh309466(v=vs.85).aspx}",
                   note = "[Online; Accessed 20-December-2014]"
}

@misc{website:OpenCL,
       author = "NVIDIA",
       title = "OpenCL",
       howpublished = "\url{https://developer.nvidia.com/opencl}",
                   note = "[Online; Accessed 20-December-2014]"
}

@misc{website:OpenAL,
       author = "openal.org",
       title = "OpenAL",
       howpublished = "\url{https://www.openal.org/}",
                   note = "[Online; Accessed 20-December-2014]"
}

@misc{website:wisegeek,
       author = "wisegeek.com",
       title = "What Are the Differences between OpenGL® and Direct3D?",
       howpublished = "\url{http://www.wisegeek.com/what-are-the-differences-between-opengl-and-direct3d.htm}",
                   note = "[Online; Accessed 21-December-2014]"
}

@misc{website:vtk,
       author = "vtk.org",
       title = "VTK",
       howpublished = "\url{http://www.vtk.org/overview/}",
                   note = "[Online; Accessed 21-December-2014]"
}

@misc{website:biofabricdoc,
       author = "biofabric.org",
       title = "BioFabric Documentation",
       howpublished = "\url{http://www.biofabric.org/#docs}",
                   note = "[Online; Accessed 21-December-2014]"
}

@misc{website:pyveplot,
       author = "pypi.python.org",
       title = "pyveplot",
       howpublished = "\url{https://pypi.python.org/pypi/pyveplot/}",
                   note = "[Online; Accessed 21-December-2014]"
}

@misc{website:D3JS,
       author = "d3js.org",
       title = "D3 Data-Driven Documents",
       howpublished = "\url{http://d3js.org/}",
                   note = "[Online; Accessed 21-December-2014]"
}

@misc{website:R,
       author = "r-project.org",
       title = "What is R?",
       howpublished = "\url{https://www.r-project.org/about.html}",
                   note = "[Online; Accessed 21-December-2014]"
}

@misc{website:HiveR,
       author = "academic.depauw.edu",
       title = "HiveR",
       howpublished = "\url{http://academic.depauw.edu/~hanson/HiveR/HiveR.html}",
                   note = "[Online; Accessed 21-December-2014]"
}

@misc{website:JHive,
       author = "bcgsc.ca",
       title = "jhive - A Java GUI for Hive Plots",
       howpublished = "\url{https://www.bcgsc.ca/wiki/display/jhive/home}",
                   note = "[Online; Accessed 21-December-2014]"
}

@misc{website:Python,
       author = "python.org",
       title = "python",
       howpublished = "\url{https://www.python.org/}",
                   note = "[Online; Accessed 21-December-2014]"
}

@misc{website:WPFTreeMaps,
       author = "codeplex.com",
       title = "WPF Treemaps & SquarifiedTreeMaps control",
       howpublished = "\url{https://treemaps.codeplex.com/}",
                   note = "[Online; Accessed 21-December-2014]"
}

@misc{website:devxTreeMap,
       author = "devx.com",
       title = "The .Net Treemap Control",
       howpublished = "\url{http://www.devx.com/xml/Article/17357/0/page/2}",
                   note = "[Online; Accessed 21-December-2014]"
}

@misc{website:gephi,
       author = "gephi.org",
       title = "The Open Graph Viz Platform",
       howpublished = "\url{https://gephi.org/}",
                   note = "[Online; Accessed 21-December-2014]"
}

@misc{website:dictionary,
       author = "MSDN",
       title = "Dictionary<TKey, TValue> Class",
       howpublished = "\url{https://msdn.microsoft.com/en-us/library/xfhwa508(v=vs.110).aspx}",
                   note = "[Online; Accessed 27-December-2014]"
}

@misc{website:biosif,
       author = "biofabric.org",
       title = "SIF Files",
       howpublished = "\url{http://www.biofabric.org/#sif}",
                   note = "[Online; Accessed 27-December-2014]"
}

@misc{website:gephipajek,
       author = "gephi.org",
       title = "Pajek NET Format",
       howpublished = "\url{https://gephi.org/users/supported-graph-formats/pajek-net-format/}",
                   note = "[Online; Accessed 28-December-2014]"
}

@misc{website:xgmml,
       author = "cgi5",
       title = "XGMML (eXtensible Graph Markup and Modeling Language)",
       howpublished = "\url{http://cgi5.cs.rpi.edu/research/groups/pb/punin/public_html/XGMML/}",
                   note = "[Online; Accessed 28-December-2014]"
}