@article{snajberk12,
    author    = "Jaroslav Snajberk and Lukas Holy and Premek Brada",
    title     = "AIVA vs UML: Comparison of Component Application Visualizations in a Case Study",
	journal   = "Information Visualisation (IV), 2012 16th International Conference on",
	pages	  = "54--61",
    year      = "2012"
}

@article{mueller07,
    author    = "Christopher Mueller and Benjamin Martin, and Andrew Lumsdaine",
    title     = "A Comparison of Vertex Ordering Algorithms for Large Graph Visualization",
	journal   = "2007. APVIS '07. 2007 6th International Asia-Pacific Symposium on Visualization",
    pages 	  = "141--148",
	year      = "2007"
}

@article{eick96,
    author    = "Stephen, G. Eick",
    title     = "Aspects of Network Visualization",
	journal   = "Computer Graphics and Applications, IEEE",
	volume 	  = "16",
	number	  = "2",
    pages 	  = "69--72",
	year      = "1996"
}

@article{holy12,
    author    = "Lukas Holy and Kamil Jezek and Jaroslav Snajberk and Premek Brada",
    title     = "Lowering Visual Clutter in Large Component Diagrams",
	journal   = "Information Visualisation (IV), 2012 16th International Conference on",
    pages 	  = "36--41",
	year      = "2012"
}

@article{velez12,
    author    = "Maria Velez-Rojas and Serge Mankovskii and Michael Robers and Steve Greenspan and Esin Kiris",
    title     = "Managing information overload on large enterprise systems",
	journal   = "Emerging Technologies for a Smarter World (CEWIT), 2011 8th International Conference & Expo on",
    pages 	  = "1--6",
	year      = "2012"
}

@article{abello06,
    author    = "James Abello and Frank {van Ham} and Neeraj Krishnan",
    title     = "ASK-GraphView: A Large Scale Graph Visualization System",
	journal   = "Visualization and Computer Graphics, IEEE Transactions on",
	volume 	  = "12",
	number	  = "5",
    pages 	  = "669--676",
	year      = "2006"
}

@article{herman00,
    author    = "Ivan Herman and Guy Melancon and M. Scott, Marshall",
    title     = "Graph visualization and navigation in information visualization: A survey",
	journal   = "Visualization and Computer Graphics, IEEE Transactions on",
	volume 	  = "6",
	number	  = "1",
    pages 	  = "24--43",
	year      = "2000"
}

@article{viegas07,
    author    = "Fernanda B. Viegas and Martin Wattenberg and Frank van Ham and Jesse Kriss and Matt McKeon",
    title     = "ManyEyes: a Site for Visualization at Internet Scale",
	journal   = "Visualization and Computer Graphics, IEEE Transactions on",
	volume 	  = "13",
	number	  = "6",
    pages 	  = "1121--1128",
	year      = "2007"
}

@article{bihanic12,
    author    = "David Bihanic and Thomas Polacsek",
    title     = "Models for Visualisation of Complex Information Systems ",
	journal   = "Information Visualisation (IV), 2012 16th International Conference on",
    pages 	  = "130--135",
	year      = "2012"
}

@article{schneiderman06,
    author    = "Ben Shneiderman and Aleks Aris",
    title     = "Network Visualization by Semantic Substrates",
	journal   = "Visualization and Computer Graphics, IEEE Transactions on",
	volume 	  = "12",
	number	  = "5",
    pages 	  = "733--740",
	year      = "2006"
}

@article{estrin00,
    author    = "Deborah Estrin and Mark Handley and John Heidemann and Steven McCanne and Ya Xu and Haobo Yu",
    title     = "Network Visualization with Nam, the VINT Network Animator",
	journal   = "Computer",
	volume 	  = "33",
	number	  = "11",
    pages 	  = "63--68",
	year      = "2000"
}

@article{dadi09,
    author    = "Upendra Dadi and Cheng Lie and Ranga Raju Vatsavai",
    title     = "Query and Visualization of extremely large network datasets over the web using Quadtree based KML Regional Network Links",
	journal   = "Geoinformatics, 2009 17th International Conference on",
    pages 	  = "1--4",
	year      = "2009"
}

@article{mouine12,
    author    = "Mohamed Mouine",
    title     = "Using Clustering to Personalize Visualization",
	journal   = "Information Visualisation (IV), 2012 16th International Conference on",
    pages 	  = "258--263",
	year      = "2012"
}

@article{chen09,
    author    = "Min Chen and David Ebert and Hans Hagem and Robert S. Laramee and Robert van Liere and Kwan-Liu Ma and William Ribarsky and Gerik Scheuermann and Deborah Silver",
    title     = "Data, Information and Knowledge in Visualization",
	journal   = "Computer Graphics and Applications, IEEE",
	volume 	  = "29",
	number	  = "1",
    pages 	  = "12--19",
	year      = "2009"
}

@article{lau07,
    author    = "Andrea Lau and Andrew Vande Moere",
    title     = "Towards a Model of Information Aesthetics in Information Visualization",
	journal   = "Information Visualization, 2007. IV '07. 11th International Conference",
    pages 	  = "87--92",
	year      = "2007"
}

@article{lodhi10,
    author    = "Afifa Lodhi",
    title     = "Usability Heuristics as an Assessment Parameter: for performing Usability Testing",
	journal   = "Software Technology and Engineering (ICSTE), 2010 2nd International Conference on",
	volume 	  = "2",
	number	  = "1",
    pages 	  = "V2-256--V2-259",
	year      = "2010"
}

@article{wahl00,
    author    = "Nancy J. Wahl",
    title     = "Student-Run Usability Testing",
	journal   = "Software Engineering Education & Training, 2000. Proceedings. 13th Conference on",
    pages 	  = "123--131",
	year      = "2000"
}