@article{snajberk12,
    author    = "Jaroslav Snajberk and Lukas Holy and Premek Brada",
    title     = "AIVA vs UML: Comparison of Component Application Visualizations in a Case Study",
	journal   = "Information Visualisation (IV), 2012 16th International Conference on",
	pages	  = "54--61",
    year      = "2012"
}

@article{mueller07,
    author    = "Christopher Mueller and Benjamin Martin, and Andrew Lumsdaine",
    title     = "A Comparison of Vertex Ordering Algorithms for Large Graph Visualization",
	journal   = "2007. APVIS '07. 2007 6th International Asia-Pacific Symposium on Visualization",
    pages 	  = "141--148",
	year      = "2007"
}

@article{eick96,
    author    = "Stephen, G. Eick",
    title     = "Aspects of Network Visualization",
	journal   = "Computer Graphics and Applications, IEEE",
	volume 	  = "16",
	number	  = "2",
    pages 	  = "69--72",
	year      = "1996"
}

@article{herman00,
    author    = "Ivan Herman and Guy Melancon and M. Scott, Marshall",
    title     = "Graph visualization and navigation in information visualization: A survey",
	journal   = "Visualization and Computer Graphics, IEEE Transactions on",
	volume 	  = "6",
	number	  = "1",
    pages 	  = "24--43",
	year      = "2000"
}

@INPROCEEDINGS{4388998, 
	author={Tesone, D.R. and Goodall, J.R.}, 
	booktitle={Visual Analytics Science and Technology, 2007. VAST 2007. IEEE Symposium on}, 
	title={Balancing Interactive Data Management of Massive Data with Situational Awareness through Smart Aggregation}, 
		year={2007}, 
		month={Oct}, 
		pages={67-74}, 
}

@Article{23102059,
AUTHOR = {Longabaugh, William},
TITLE = {Combing the hairball with BioFabric: a new approach for visualization of large networks},
JOURNAL = {BMC Bioinformatics},
VOLUME = {13},
YEAR = {2012},
NUMBER = {○1},
PAGES = {275},
URL = {http://www.biomedcentral.com/1471-2105/13/275},
}

@INPROCEEDINGS{636718, 
author={Munzner, T.}, 
booktitle={Information Visualization, 1997. Proceedings., IEEE Symposium on}, 
title={H3: laying out large directed graphs in 3D hyperbolic space}, 
year={1997}, 
month={Oct}, 
pages={2-10}, 
}

@article{Schaffer:1996:NHC:230562.230577,
 author = {Schaffer, Doug and Zuo, Zhengping and Greenberg, Saul and Bartram, Lyn and Dill, John and Dubs, Shelli and Roseman, Mark},
 title = {Navigating Hierarchically Clustered Networks Through Fisheye and Full-zoom Methods},
 journal = {ACM Trans. Comput.-Hum. Interact.},
 issue_date = {June 1996},
 volume = {3},
 number = {2},
 month = jun,
 year = {1996},
 issn = {1073-0516},
 pages = {162--188},
 numpages = {27},
 url = {http://doi.acm.org/10.1145/230562.230577},
 doi = {10.1145/230562.230577},
 acmid = {230577},
 publisher = {ACM},
 address = {New York, NY, USA},
} 

@INPROCEEDINGS{6295813, 
author={Mikkelsen, C. and Johansson, J. and Cooper, M.}, 
booktitle={Information Visualisation (IV), 2012 16th International Conference on}, 
title={Visualization of Power System Data on Situation Overview Displays}, 
year={2012}, 
month={July}, 
pages={188-197}, 
doi={10.1109/IV.2012.41}, 
ISSN={1550-6037},}

@ARTICLE{4015435, 
author={Buring, T. and Gerken, J. and Reiterer, H.}, 
journal={Visualization and Computer Graphics, IEEE Transactions on}, 
title={IPSep-CoLa: An Incremental Procedure for Separation Constraint Layout of Graphs}, 
year={2006}, 
month={Sept}, 
volume={12}, 
number={5}, 
pages={821-828}, 
doi={10.1109/TVCG.2006.156}, 
ISSN={1077-2626},}

@INPROCEEDINGS{6754046, 
author={Zhiyuan Lin and Nan Cao and Hanghang Tong and Fei Wang and Kang, U. and Duen Horng Chau}, 
booktitle={Data Mining Workshops (ICDMW), 2013 IEEE 13th International Conference on}, 
title={Demonstrating Interactive Multi-resolution Large Graph Exploration}, 
year={2013}, 
month={Dec}, 
pages={1097-1100}, 
doi={10.1109/ICDMW.2013.124},}

@article{Krzywinski01092012,
author = {Krzywinski, Martin and Birol, Inanc and Jones, Steven JM and Marra, Marco A}, 
title = {Hive plots—rational approach to visualizing networks},
volume = {13}, 
number = {5}, 
pages = {627-644}, 
year = {2012}, 
doi = {10.1093/bib/bbr069}, 
URL = {http://bib.oxfordjournals.org/content/13/5/627.abstract}, 
eprint = {http://bib.oxfordjournals.org/content/13/5/627.full.pdf+html}, 
journal = {Briefings in Bioinformatics} 
}

@INPROCEEDINGS{1338,
author={Stephen G. Kobourov}, 
booktitle={Handbook of Graph Drawing and Visualization}, 
title={Force-Directed Drawing Algorithms}, 
year={2013}, 
month={October}, 
pages={383-408}, 
doi={10.1109/ICDMW.2013.124}
}

@INPROCEEDINGS{1337, 
author={Duncan, Goodrich}, 
booktitle={Handbook of Graph Drawing and Visualization}, 
title={Planar orthogonal and polyline drawing algorithms}, 
year={2013}, 
month={October}, 
pages={223-246}, 
doi={10.1109/ICDMW.2013.124}
}

@INPROCEEDINGS{6137234, 
author={Kang, U. and Faloutsos, C.}, 
booktitle={Data Mining (ICDM), 2011 IEEE 11th International Conference on}, 
title={Beyond 'Caveman Communities': Hubs and Spokes for Graph Compression and Mining}, 
year={2011}, 
month={Dec}, 
pages={300-309}, 
keywords={data compression;data mining;graph theory;block-diagonal mental image;caveman community;cavemen graph;graph compression;graph mining;slashburn method;Algorithm design and analysis;Communities;Complexity theory;Cost function;Equations;Matrix decomposition;Vectors;Graph Compression;Graph Mining;Hubs and Spokes}, 
doi={10.1109/ICDM.2011.26}, 
ISSN={1550-4786},
}

@article{Shelley20121016,
title = "GerbilSphere: Inner sphere network visualization ",
journal = "Computer Networks ",
volume = "56",
number = "3",
pages = "1016 - 1028",
year = "2012",
note = "(1) Complex Dynamic Networks (2) \{P2P\} Network Measurement ",
issn = "1389-1286",
doi = "http://dx.doi.org/10.1016/j.comnet.2011.10.023",
url = "http://www.sciencedirect.com/science/article/pii/S1389128611003987",
author = "David S. Shelley and Mehmet Hadi Gunes",
}

@article{Geom1945,
title = "Introduction to non-euclidean geometry ",
year = "1945",
author = "Harold E. Wolfe",
}

@TECHREPORT{Marks91thecomputational,
    author = {Joe Marks and Stuart Shieber},
    title = {The Computational Complexity of Cartographic Label Placement},
    institution = {},
    year = {1991}
}

@INPROCEEDINGS{195097, 
author={Endsley, M.R.}, 
booktitle={Aerospace and Electronics Conference, 1988. NAECON 1988., Proceedings of the IEEE 1988 National}, 
title={Situation awareness global assessment technique (SAGAT)}, 
year={1988}, 
month={May}, 
pages={789-795 vol.3}, 
keywords={aircraft instrumentation;human factors;military systems;SAGAT methology;aircraft design;cockpits;pilot-vehicle interface designs;situation-awareness global assessment technique;Aircraft;Current measurement;Decision making;Displays;Human factors;Jacobian matrices;Process design;System performance;Vehicle driving}, 
doi={10.1109/NAECON.1988.195097},}

@article{tutteFD,
    author    = "William T. Tutte",
    title     = "How to draw a graph",
	journal   = "Proc, London Math. Society",
	volume 	  = "13",
	number	  = "52",
    pages 	  = "743--768",
	year      = "1963"
}

@article{ead,
    author    = "Peter Eades",
    title     = "A heuristic for graph drawing",
	journal   = "Congressus Numerantium",
	volume 	  = "42",
    pages 	  = "149--160",
	year      = "1984"
}

@article{fr,
    author    = "T. Fruchterman and E. Reingold",
    title     = "Graph drawing by force-directed placement",
	journal   = " Softw. - Pract. Exp.",
	volume 	  = "21",
	number	  ="11",
    pages 	  = "1129--1164",
	year      = "1991"
}

@article{handh,
    author    = "R. Hadany and D. Harel",
    title     = "A muli-scale algorithm for drawing graphs nicely",
	journal   = "Discrete Applied Mathematics",
	volume 	  = "113",
	number	  ="1",
    pages 	  = "3--21",
	year      = "2001"
}

@article{Ware,
    author    = "C. Ware",
    title     = "Designing with a 2 1\\2 \-D attitude",
	journal   = "Information Design Journal",
	volume 	  = "10",
	year      = "2001"
    pages 	  = "255--262",
}

@article{kobourov,
    author    = "S.G. Kobourov and  K. Wampler",
    title     = "Non-Euclidean spring embedders",
	journal   = "IEE Transactions on Visualization and Computer Graphics",
	volume 	  = "11",
	year      = "2005"
    pages 	  = "757--767",
}

@article{Wolfe,
    author    = "Harold E. Wolfe",
    title     = "Introduction to Non-Euclidean Geometry",
	journal   = "Dryden Press",
	Location ="New York"
	year      = "1945"
}

@misc{website:Wikipedia,
       author = "Wikipedia \- the free encyclopedia",
       title = "Cosine similarity",
       howpublished = "\url{http://en.wikipedia.org/wiki/Cosine\_similarity}",
                   note = "[Online; Accessed 28-November-2014]"
}

@misc{website:Wikipedia2,
       author = "Wikipedia \- the free encyclopedia",
       title = "Jaccard index",
       howpublished = "\url{http://en.wikipedia.org/wiki/Jaccard\_index}",
                   note = "[Online; Accessed 28-November-2014]"
}


